%% This BibTeX bibliography file was created using BibDesk.
%% https://bibdesk.sourceforge.io/

%% Created for Nik Sauer at 2021-03-18 23:34:40 +0100


%% Saved with string encoding Unicode (UTF-8)

@webpage{hsrm2020eb,
	author = {Hochschule RheinMain},
	date-added = {2020-09-17 18:19:02 +0200},
	date-modified = {2020-09-20 15:28:24 +0200},
	lastchecked = {17.09.20},
	title = {EnergieBroker},
	url = {https://www.impact.hs-rm.de/de/teilvorhaben/energiebroker},
	Bdsk-Url-1 = {https://www.impact.hs-rm.de/de/teilvorhaben/energiebroker}}

@mastersthesis{stoy2019broker,
	author = {Patrick Stoy},
	date-added = {2020-09-16 18:48:52 +0200},
	date-modified = {2020-09-16 18:50:32 +0200},
	month = {April},
	school = {Hochschule RheinMain},
	title = {Konzeption und Entwicklung standardisierter Schnittstellen zur automatisierten regionalen Vermarktung kleiner Mengen an erneuerbaren Energien},
	year = {2019}}

@webpage{fielding2008hypertext,
	author = {Fielding, Roy T},
	date-added = {2020-09-14 15:51:31 +0200},
	date-modified = {2020-09-20 15:22:39 +0200},
	lastchecked = {14.09.20},
	month = {October},
	title = {REST APIs must be hypertext-driven},
	url = {https://roy.gbiv.com/untangled/2008/rest-apis-must-be-hypertext-driven},
	year = {2008},
	Bdsk-Url-1 = {https://roy.gbiv.com/untangled/2008/rest-apis-must-be-hypertext-driven}}

@techreport{fielding2014rfc,
	author = {Fielding, Roy and Reschke, Julian},
	date-modified = {2020-09-20 15:19:53 +0200},
	institution = {Internet Engineering Task Force},
	number = {7230},
	title = {Hypertext Transfer Protocol (HTTP/1.1): Message Syntax and Routing},
	type = {Request for Comments},
	year = {2014}}
